@article{Esaki:70,
  added-at = {2010-10-02T20:09:44.000+0200},
  author = {Esaki, L. and Tsu, R.},
  biburl = {http://www.bibsonomy.org/bibtex/2b2db4a65644c2c3eb74a94b1bdeb6d92/bgeneto},
  interhash = {e320f0708d06aedc9c27cf46b3b6a4c2},
  intrahash = {b2db4a65644c2c3eb74a94b1bdeb6d92},
  journal = {IBM J. Res. Dev.},
  keywords = {jabref:noKeywordAssigned},
  pages = {61--\&},
  timestamp = {2010-10-02T20:09:44.000+0200},
  title = {Superlattice and negative differential conductivity in semiconductors},
  volume = 14,
  year = 1970
}
@article{PhysRevLett.103.117401,
  title = {Model of the Influence of an External Magnetic Field on the Gain of Terahertz Radiation from Semiconductor Superlattices},
  author = {Hyart, Timo and Mattas, Jussi and Alekseev, Kirill N.},
  journal = {Phys. Rev. Lett.},
  volume = {103},
  issue = {11},
  pages = {117401},
  numpages = {4},
  year = {2009},
  month = {Sep},
  doi = {10.1103/PhysRevLett.103.117401},
  url = {http://link.aps.org/doi/10.1103/PhysRevLett.103.117401},
  publisher = {American Physical Society}
}
@article{WAC01,
  added-at = {2009-03-03T17:19:04.000+0100},
  author = {Wacker, A.},
  biburl = {http://www.bibsonomy.org/bibtex/2430fc2d91a35f7961a4c9c5327a01bfe/bronckobuster},
  interhash = {ef755e390525904c76d70139f9c7968f},
  intrahash = {430fc2d91a35f7961a4c9c5327a01bfe},
  journal = {Phys.~Rep.},
  keywords = {imported},
  nota = {aw:},
  pages = 1,
  timestamp = {2009-03-03T17:19:04.000+0100},
  title = {Semiconductor Superlattices: A model system for nonlinear transport},
  volume = 357,
  year = 2002
}
@article{BLOCH,
year={1929},
issn={0044-3328},
journal={Zeitschrift fur Physik},
volume={52},
number={7-8},
doi={10.1007/BF01339455},
title={Uber die Quantenmechanik der Elektronen in Kristallgittern},
url={http://dx.doi.org/10.1007/BF01339455},
publisher={Springer-Verlag},
author={Bloch, Felix},
pages={555-600},
language={German}
}
@article{PhysRevB.56.10303,
  title = {Quasistatic and dynamic interaction of high-frequency fields with miniband electrons in semiconductor superlattices},
  author = {Winnerl, S. and Schomburg, E. and Grenzer, J. and Regl, H.-J. and Ignatov, A. A. and Semenov, A. D. and Renk, K. F. and Pavel'ev, D. G. and Koschurinov, Yu. and Melzer, B. and Ustinov, V. and Ivanov, S. and Schaposchnikov, S. and Kop'ev, P. S.},
  journal = {Phys. Rev. B},
  volume = {56},
  issue = {16},
  pages = {10303--10307},
  year = {1997},
  month = {Oct},
  doi = {10.1103/PhysRevB.56.10303},
  url = {http://link.aps.org/doi/10.1103/PhysRevB.56.10303},
  publisher = {American Physical Society}
}
@misc{OpenMP,
title = {OpenMP at wikipedia},
howpublished = {\url{http://en.wikipedia.org/wiki/OpenMP}}
}
@misc{CUDA,
title = {CUDA at wikipedia},
howpublished = {\url{http://en.wikipedia.org/wiki/CUDA}}
}
@book{wilt2013cuda,
  title={The CUDA Handbook: A Comprehensive Guide to GPU Programming},
  author={Wilt, N.},
  isbn={9780133261509},
  url={http://books.google.com/books?id=ynydqKP225EC},
  year={2013},
  publisher={Pearson Education}
}
